@BOOK{kopka-daly,
AUTHOR = "Ae aHelmut aKopka and aPatrick W. Daly",
TITLE = "A aGuide ato \LaTeX",
PUBLISHER = "Addison-Wesley",
ADDRESS = "Wokinghan-England", YEAR = "1994"}
@ARTICLE{golub79,
AUTHOR = "G. H. Golub and M. T. Heath and G. Wahba",
TITLE = "Generalized cross-validation as a method for choosing a good ridge
parameter",
JOURNAL = "Technometrics",
VOLUME = "21", PAGES = "215-223", YEAR = "1979"}
@BOOK{TESTE,
AUTHOR = "Arthur",
TITLE = "A Guidedsadas to \LaTeX",
PUBLISHER = "Addison-dsadsWesley",
ADDRESS = "Wokinghan-Engladsadsand", YEAR = "1994"}