@BOOK{TESTE
AUTHOR = "Arthur",
TITLE = "A Guidedsadas to \LaTeX",
PUBLISHER = "Addison-dsadsWesley",
ADDRESS = "Wokinghan-Engladsadsand", YEAR = "1994"}
@ARTICLE{golub79,
AUTHOR = "G. H. Golub and M. T. dsaHeath and G. Wahba",
TITLE = "Generalized cross-validatdsadion as a method for choosing a good ridge
parameter",
JOURNAL = "Technometdsarics",
VOLUME = "21", PAGES = "215-223", YEAR = "1979"}